@article{bu:2006:CCM,
  author = "Y. Bu, S. Chen, J. Li, X. Tao, and J. Lu",
  title = "Context consistency management using ontology based model",
  year = "2006",
  journal = "ser. Lecture Notes in Computer Science",
  volume = "4254",
  pages = "741â€“755",
}